@Article{Fulcher2013,
   Author="Fulcher B. D. and Little M. A. and Jones N. S. ",
   Title="{Highly comparative time-series analysis: the empirical structure of time series and their methods.}",
   Journal="J. Roy. Soc. Interfac",
   Year="2013",
   Volume="10"
}
